@article{1,
  author =       "Hossein Bidgoli",
  title =        "Successful Introduction of Cloud Computing into your Organization: A Six-Step Conceptual Model",
  journal =      "Journal of International Technology and Information Management ",
  volume =       "20",
  number =       "2",
  year =         "2011",
}

@inproceedings{2,
author = {Kulkarni, Gurudatt and Solanke, Vikas and Gupta, Shyam and Polytechnic, Mitra and Thergaon, Pune},
year = {2013},
month = {05},
pages = {},
title = {GRID COMPUTING OVERVIEW}
}

@inproceedings{3,
author = {Bubendorfer, Kris and Komisarczuk, Peter},
year = {2005},
month = {01},
pages = {47-53},
title = {A Position Paper: Towards an Utility Computing and Communications Infrastructure.}
}

@article{4,
author = {Rashid, Aaqib and Chaturvedi, Amit},
year = {2019},
month = {04},
pages = {1131-1136},
title = {Virtualization and its Role in Cloud Computing Environment},
volume = {Vol.-7},
journal = {INTERNATIONAL JOURNAL OF COMPUTER SCIENCES AND ENGINEERING},
doi = {10.26438/ijcse/v7i4.11311136}
}

@article{5,
author = {Syed Hamid Hussain Madni,Muhammad Shafie Abd Latiff},
year = {2017},
month = {03},
title = {Performance comparison of heuristic algorithms for task scheduling in IaaS cloud computing environment},
journal = {PLoS ONE},
volume = {12},
doi = {10.6084/m9.figshare.4877438}
}

@article{6,
author = {Fernando Pires Barbosa and Andrea Schwertner Charão},
year = {2012},
title = {mpact of pay-as-you-go Cloud Platforms on Software Pricing and Development: A Review and Case Study},
doi = {10.1007/978-3-642-31128-4_30},
journal = {INTERNATIONAL JOURNAL OF COMPUTER SCIENCES AND ENGINEERING},
pages = {404-417}
}

@article{7,
author = {Gawali, Mahendra Bhatu},
year = {2018},
month = {2},
title = {Task scheduling and resource allocation in cloud computing using a heuristic approach},
doi = {10.1186/s13677-018-0105-8},
journal = {Journal of Cloud Computing},
volume = {7}
}

@INPROCEEDINGS{8,
  author={Mathew, Teena and Sekaran, K. Chandra and Jose, John},
  booktitle={2014 International Conference on Advances in Computing, Communications and Informatics (ICACCI)}, 
  title={Study and analysis of various task scheduling algorithms in the cloud computing environment}, 
  year={2014},
  volume={},
  number={},
  pages={658-664},
  doi={10.1109/ICACCI.2014.6968517}}
  
@article{9,
author = {Christodoulopoulos, Konstantinos (Kostas) and Sourlas, Vasilis and Mpakolas, I. and Varvarigos, Manos},
year = {2009},
month = {05},
pages = {1172-1184},
title = {A comparison of centralized and distributed meta-scheduling architectures for computation and communication tasks in Grid networks},
volume = {32},
journal = {Computer Communications},
doi = {10.1016/j.comcom.2009.03.004}
}

@inproceedings{10,
author = {Izakian, Hesam and Abraham, Ajith and Snasel, Vaclav},
year = {2009},
month = {04},
pages = {8-12},
title = {Comparison of Heuristics for Scheduling Independent Tasks on Heterogeneous Distributed Environments},
doi = {10.1109/CSO.2009.487}
}

@inproceedings{11,
  title={A SURVEY ON ECONOMIC CLOUD SCHEDULERS FOR OPTIMIZED TASK SCHEDULING},
  author={S. Nagadevi and K. Satyapriya and D. Malathy},
  year={2013}
}

@inproceedings{12,
  title={Dynamic job Scheduling in Cloud Computing based on horizontal load balancing},
  author={M. Paul and D. Samanta and G. Sanyal},
  year={2011}
}

@inproceedings{13,
author = {Anousha, Soheil and Ahmadi, Mahmood},
year = {2013},
month = {05},
pages = {103-113},
title = {An Improved Min-Min Task Scheduling Algorithm in Grid Computing},
isbn = {978-3-642-38026-6},
doi = {10.1007/978-3-642-38027-3_11}
}

@inbook{14,
author = {Mao, Yingchi and Chen, Xi and Li, Xiaofang},
year = {2014},
month = {01},
pages = {457-465},
title = {Max–Min Task Scheduling Algorithm for Load Balance in Cloud Computing},
volume = {255},
isbn = {978-81-322-1758-9},
journal = {Advances in Intelligent Systems and Computing},
doi = {10.1007/978-81-322-1759-6_53}
}

@article{15,
author = {Kaur, Damanbeer and Sharma, Tejinder},
year = {2019},
month = {05},
pages = {16-21},
title = {Scheduling Algorithms in Cloud Computing},
volume = {178},
journal = {International Journal of Computer Applications},
doi = {10.5120/ijca2019918801}
}

@inproceedings{16,
author = {Maheswaran, Muthucumaru and Ali, Shoukat and Siegal, H.J. and Hensgen, Debra and Freund, Richard},
year = {1999},
month = {02},
pages = {30-44},
title = {Dynamic Matching and Scheduling of a Class of Independent Tasks onto Heterogeneous Computing Systems},
isbn = {0-7695-0107-9},
journal = {Proceedings of the 8th IEEE Heterogeneous Computing Workshop},
doi = {10.1109/HCW.1999.765094}
}

@inproceedings{17,
title	= {Large-scale cluster management at {Google} with {Borg}},
author	= {Abhishek Verma and Luis Pedrosa and Madhukar R. Korupolu and David Oppenheimer and Eric Tune and John Wilkes},
year	= {2015},
booktitle	= {Proceedings of the European Conference on Computer Systems (EuroSys)},
address	= {Bordeaux, France}
}

@Misc{18,
  author = {John Wilkes},
  title = {More {Google} cluster data},
  howpublished = {Google research blog},
  month = Nov,
  year = 2011,
  address = {Mountain View, CA, USA},
  note = {Posted at \url{http://googleresearch.blogspot.com/2011/11/more-google-cluster-data.html}.},
}

@inproceedings{19,
title	= {Borg: the Next Generation},
author	= {Muhammad Tirmazi and Adam Barker and Nan Deng and Md Ehtesam Haque and Zhijing Gene Qin and Steven Hand and Mor Harchol-Balter and John Wilkes},
year	= {2020},
booktitle	= {EuroSys'20},
address	= {Heraklion, Crete}
}

@inproceedings{20,
author = {Ousterhout, Kay and Wendell, Patrick and Zaharia, Matei and Stoica, Ion},
title = {Sparrow: Distributed, Low Latency Scheduling},
year = {2013},
isbn = {9781450323888},
publisher = {Association for Computing Machinery},
address = {New York, NY, USA},
url = {https://doi.org/10.1145/2517349.2522716},
doi = {10.1145/2517349.2522716}
}

@ARTICLE{21,  
author={Mitzenmacher, M.},  
journal={IEEE Transactions on Parallel and Distributed Systems},   
title={The power of two choices in randomized load balancing},   
year={2001},  
volume={12},  
number={10},  
pages={1094-1104},  
doi={10.1109/71.963420}}

@article{22,
  author    = {Gahyun Park},
  title     = {A Generalization of Multiple Choice Balls-into-Bins: Tight Bounds},
  journal   = {CoRR},
  volume    = {abs/1201.3310},
  year      = {2012},
  url       = {http://arxiv.org/abs/1201.3310},
  archivePrefix = {arXiv}
}

@article{23,
  title={An Opportunity Cost Approach for Job Assignment in a Scalable Computing Cluster},
  author={Y. Amir and B. Awerbuch and A. Barak and R. S. Borgstrom and Arie Keren},
  journal={IEEE Trans. Parallel Distributed Syst.},
  year={2000},
  volume={11},
  pages={760-768}
}

@INPROCEEDINGS{24, 
author={Minet, Pascale and Renault, Éric and Khoufi, Ines and Boumerdassi, Selma},  
booktitle={2018 14th International Wireless Communications   Mobile Computing Conference (IWCMC)},
title={Analyzing Traces from a Google Data Center},   
year={2018},  
volume={},  
number={},  
pages={1167-1172},  
doi={10.1109/IWCMC.2018.8450304}}

@ARTICLE{25,
  author={Zhang, PeiYun and Zhou, MengChu},
  journal={IEEE Transactions on Automation Science and Engineering}, 
  title={Dynamic Cloud Task Scheduling Based on a Two-Stage Strategy}, 
  year={2018},
  volume={15},
  number={2},
  pages={772-783},
  doi={10.1109/TASE.2017.2693688}}
  
@ARTICLE{26,  
author={Zhang, Fan and Cao, Junwei and Tan, Wei and Khan, Samee U. and Li, Keqin and Zomaya, Albert Y.},  
journal={IEEE Transactions on Emerging Topics in Computing},   
title={Evolutionary Scheduling of Dynamic Multitasking Workloads for Big-Data Analytics in Elastic Cloud},   
year={2014},  
volume={2},  
number={3},  
pages={338-351},  
doi={10.1109/TETC.2014.2348196}}

@book{27,
    author    = "Luis Enrique Sucar",
    title     = "Probabilistic Graphical Models Principles and Applications",
    year      = "2015",
    publisher = "Springer"
}

@book{28,
author = {Koller, Daphne and Friedman, Nir},
title = {Probabilistic Graphical Models: Principles and Techniques - Adaptive Computation and Machine Learning},
year = {2009},
isbn = {0262013193},
publisher = {The MIT Press}
}

@article{29,
  author    = {Amen Ajroud and
               Mohamed Nazih Omri and
               Habib Youssef and
               Salem Benferhat},
  title     = {Loopy Belief Propagation in Bayesian Networks : origin and possibilistic
               perspectives},
  journal   = {CoRR},
  volume    = {abs/1206.0976},
  year      = {2012},
  url       = {http://arxiv.org/abs/1206.0976},
  archivePrefix = {arXiv},
  eprint    = {1206.0976},
  timestamp = {Mon, 13 Aug 2018 16:47:22 +0200},
}

@misc{30,
title = {CloudSim},
howpublished = "\url{http://www.cloudbus.org/cloudsim/}"}

@ARTICLE{31,  author={Xia, Yunni and Zhou, MengChu and Luo, Xin and Zhu, Qingsheng and Li, Jia and Huang, Yu},  journal={IEEE Transactions on Automation Science and Engineering},   title={Stochastic Modeling and Quality Evaluation of Infrastructure-as-a-Service Clouds},   year={2015},  volume={12},  number={1},  pages={162-170},  doi={10.1109/TASE.2013.2276477}}

@article{32,
author = {Wang, Ji and Bao, Weidong and Zhu, Xiaomin and Yang, Laurence and Xiang, Yang},
year = {2015},
month = {03},
pages = {},
title = {FESTAL: Fault-Tolerant Elastic Scheduling Algorithm for Real-Time Tasks in Virtualized Clouds},
volume = {64},
journal = {IEEE Transactions on Computers},
doi = {10.1109/TC.2014.2366751}
}

@article{33,
author = {Madni, Hamid and Shafie, Abd Latiff and Abdullahi, Mohammed and Abdulhamid, Shafi’i and Usman, Mohammed},
year = {2017},
month = {05},
pages = {e0176321},
title = {Performance comparison of heuristic algorithms for task scheduling in IaaS cloud computing environment},
volume = {12},
journal = {PLoS ONE},
doi = {10.1371/journal.pone.0176321}
}

@inproceedings{34,
author = {Alboaneen, Dabiah and Tianfield, Hugo and Zhang, Yan},
year = {2017},
month = {03},
pages = {},
title = {Glowworm Swarm Optimisation Based Task Scheduling for Cloud Computing},
doi = {10.1145/3018896.3036395}
}